@book{albrecht2024multi,
    title={Multi-Agent Reinforcement Learning: Foundations and Modern Approaches},
    author={Stefano V. Albrecht and Filippos Christianos and \textbf{Lukas Sch\"afer}},
    year={2024},
    publisher={MIT press},
    sortkey={A01},
}

@inproceedings{schaefer2025emax,
    title={Ensemble Value Functions for Efficient Exploration in Multi-Agent Reinforcement Learning},
    author={\textbf{Lukas Sch\"afer} and Oliver Slumbers and Stephen McAleer and Yali Du and Stefano V. Albrecht and David Mguni},
    booktitle={AAMAS},
    keywords={conference},
    year={2025},
    sortkey={J10},
}

@inproceedings{schaefer2025visual,
    title={Visual Encoders for Data-Efficient Imitation Learning in Modern Video Games},
    author={\textbf{Lukas Sch\"afer} and Logan Jones and Anssi Kanervisto and Yuhan Cao and Tabish Rashid and Raluca Georgescu and David Bignell and Siddhartha Sen and Andrea Trevino Gavito and Sam Devlin},
    booktitle={Adaptive and Learning Agents Workshop at AAMAS},
    keywords={workshop},
    year={2025},
    sortkey={L12},
}

@article{andres2024using,
    title={Using Offline Data to Speed-up Reinforcement Learning in Procedurally Generated Environments},
    author={Alain Andres Fernandez and \textbf{Lukas Sch\"afer} and Esther Villar-Rodriguez and Stefano V. Albrecht and Javier Del Ser},
    journal={Neurocomputing},
    publisher={Springer},
    keywords={journal},
    year={2024},
    sortkey={K11},
}

@inproceedings{krnjaic2024scalable,
    title={Scalable Multi-Agent Reinforcement Learning for Warehouse Logistics with Robotic and Human Co-Workers},
    author={Aleksandar Krnjaic and Raul D. Steleac and Jonathan D. Thomas and Georgios Papoudakis and \textbf{Lukas Sch\"afer} and Andrew Wing Keung To and Kuan-Ho Lao and Murat Cubuktepe and Matthew Haley and Peter B\"orsting and Stefano V. Albrecht},
    booktitle={IROS},
    keywords={conference},
    year={2024},
    sortkey={M13},
}

@article{mcinroe2023learning,
    title={Learning representations for control with hierarchical forward models},
    author={Trevor McInroe and \textbf{Lukas Sch\"afer} and Stefano V. Albrecht},
    journal={Transactions on Machine Learning Research},
    keywords={journal},
    year={2023},
    sortkey={B02},
}

@inproceedings{schaefer2022derl,
	title={Decoupled Reinforcement Learning to Stabilise Intrinsically-Motivated Exploration},
	author={\textbf{Lukas Sch\"afer} and Filippos Christianos and Josiah P. Hanna and Stefano V. Albrecht},
	booktitle={AAMAS},
    keywords={conference},
	year={2022},
    sortkey={C03},
}

@inproceedings{schaefer2022gen,
	title={Task Generalisation in Multi-Agent Reinforcement Learning},
	author={\textbf{Lukas Sch\"afer}},
	booktitle={AAMAS, Doctoral Consortium},
    keywords={conference},
	year={2022},
    sortkey={D04},
}

@inproceedings{zhong2022datacollection,
    title={Robust On-Policy Data Collection for Data Efficient Policy Evaluation},
    author={Rujie Zhong and Duohan Zhang and \textbf{Lukas Sch\"afer} and Stefano V. Albrecht and Josiah P. Hanna},
    booktitle={NeurIPS},
    keywords={conference},
    year={2022},
    sortkey={E05},
}

@inproceedings{papoudakis2021benchmarking,
    title={Benchmarking Multi-Agent Deep Reinforcement Learning Algorithms in Cooperative Tasks},
    author={Georgios Papoudakis and Filippos Christianos and \textbf{Lukas Sch\"afer} and Stefano V. Albrecht},
    booktitle={NeurIPS, Datasets and Benchmarks Track},
    keywords={conference},
    year={2021},
    sortkey={F06},
}

@inproceedings{christianos2020shared,
    title={Shared Experience Actor-Critic for Multi-Agent Reinforcement Learning},
    author={Filippos Christianos and \textbf{Lukas Sch\"afer} and Stefano V. Albrecht},
    booktitle={NeurIPS},
    keywords={conference},
    year={2020},
    sortkey={G07},
}
@article{albrecht2022aic,
    author={Ibrahim H. Ahmed and Cillian Brewitt and Ignacio Carlucho and Filippos Christianos and Mhairi Dunion and Elliot Fosong and Samuel Garcin and Shangmin Guo and Balint Gyevnar and Trevor McInroe and Georgios Papoudakis and Arrasy Rahman and \textbf{Lukas Sch\"afer} and Massimiliano Tamborski and Giuseppe Vecchio and Cheng Wang and Stefano V. Albrecht},
    title={Deep Reinforcement Learning for Multi-Agent Interaction},
    journal={AI Communications, Special Issue on Multi-Agent Systems Research in the UK},
    keywords={journal, skip},
    year={2022},
    sortkey={H08},
}

@inproceedings{schaefer2023mate,
    title={Learning Task Embeddings for Teamwork Adaptation in Multi-Agent Reinforcement Learning},
    author={\textbf{Lukas Sch\"afer} and Filippos Christianos and Amos Storkey and Stefano V. Albrecht},
    booktitle={Generalization in Planning Workshop at NeurIPS},
    keywords={workshop},
    year={2023},
    sortkey={I09},
}

@article{mcinroe2021learning,
    title={Learning Temporally-Consistent Representations for Data-Efficient Reinforcement Learning},
    author={Trevor McInroe and \textbf{Lukas Sch\"afer} and Stefano V. Albrecht},
    journal={arXiv},
    keywords={preprint, skip},
    year={2021},
    sortkey={N14},
}


@phdthesis{schaefer2024efficient,
    title={Efficient Exploration in Single-Agent and Multi-Agent Deep Reinforcement Learning},
    author={\textbf{Lukas Sch\"afer}},
    school={University of Edinburgh},
    year={2024},
    type={PhD Thesis},
    keywords={thesis},
    sortkey={O15},
}

@masterthesis{schaefer2019curiosity,
    title={Curiosity in Multi-Agent Reinforcement Learning},
    author={\textbf{Lukas Sch\"afer}},
    school={University of Edinburgh},
    year={2019},
    type={Master's Thesis},
    keywords={thesis},
    sortkey={P16},
}

@masterthesis{schaefer2018domain,
    title={Domain-Dependent Policy Learning using Neural Networks in Classical Planning},
    author={\textbf{Lukas Sch\"afer}},
    school={Saarland University},
    year={2018},
    type={Bachelor's Thesis},
    keywords={thesis},
    sortkey={Q17},
}
