@inproceedings{schaefer2022derl,
	title={Decoupled Reinforcement Learning to Stabilise Intrinsically-Motivated Exploration},
	author={\textbf{Lukas Schäfer} and Filippos Christianos and Josiah P. Hanna and Stefano V. Albrecht},
	booktitle={\textbf{AAMAS} (26\% \ acceptance\ rate)},
	year={2022}
}

@inproceedings{schaefer2022gen,
	title={Task Generalisation in Multi-Agent Reinforcement Learning},
	author={\textbf{Lukas Schäfer}},
	booktitle={\textbf{AAMAS}, Doctoral Consortium},
	year={2022}
}

@inproceedings{zhong2022datacollection,
   title={Robust On-Policy Data Collection for Data Efficient Policy Evaluation},
   author={Rujie Zhong and Duohan Zhang and \textbf{Lukas Sch\"afer} and Stefano V. Albrecht and Josiah P. Hanna},
   booktitle={\textbf{NeurIPS} (26\%\ acceptance\ rate)},
   year={2022}
}

@article{autonomous2022deep,
  title={Deep reinforcement learning for multi-agent interaction},
  author={{Autonomous Agents Research Group}},
  journal={\textbf{AI Communications}},
  year={2022},
  publisher={IOS Press}
}

@inproceedings{papoudakis2021benchmarking,
   title={Benchmarking Multi-Agent Deep Reinforcement Learning Algorithms in Cooperative Tasks},
   author={Georgios Papoudakis and Filippos Christianos and \textbf{Lukas Sch\"afer} and Stefano V. Albrecht},
   booktitle={\textbf{NeurIPS} (26\%\ acceptance\ rate), Datasets and Benchmarks Track},
   year={2021}
}

@inproceedings{christianos2020shared,
   title={Shared Experience Actor-Critic for Multi-Agent Reinforcement Learning},
   author={Filippos Christianos and \textbf{Lukas Sch\"afer} and Stefano V. Albrecht},
   booktitle={\textbf{NeurIPS} (20\%\ acceptance\ rate)},
   year={2020}
}
