@article{schaefer2023emax,
  title={Ensemble Value Functions for Efficient Exploration in Multi-Agent Reinforcement Learning},
  author={\textbf{Lukas Sch{\"a}fer} and Oliver Slumbers and Stephen McAleer and Yali Du and Stefano V. Albrecht and David Mguni},
  journal={Under review},
  year={2023}
}

@article{mcinroe2023learning,
  title={Learning representations for control with hierarchical forward models},
  author={McInroe, Trevor and \textbf{Sch{\"a}fer, Lukas} and Albrecht, Stefano V.},
  journal={Under review},
  year={2023}
}

@article{schaefer2022mate,
  title={Learning Task Embeddings for Teamwork Adaptation in Multi-Agent Reinforcement Learning},
  author={\textbf{Lukas Sch{\"a}fer} and Filippos Christianos and Amos Storkey and Stefano V. Albrecht},
  journal={arXiv},
  year={2022}
}

@article{mcinroe2021learning,
  title={Learning Temporally-Consistent Representations for Data-Efficient Reinforcement Learning},
  author={McInroe, Trevor and \textbf{Sch{\"a}fer, Lukas} and Albrecht, Stefano V.},
  journal={arXiv},
  year={2021}
}
