@inproceedings{christianos2020shared,
    title={Shared {Experience} {Actor}-{Critic} for {Multi}-{Agent} {Reinforcement} {Learning}},
    author={Filippos Christianos and \textbf{Lukas Schäfer} and Stefano V. Albrecht},
    booktitle={34th Conference on Neural Information Processing Systems},
    year={2020}
}

@misc{papoudakis2020comparative,
    title={Comparative {Evaluation} of {Multi}-{Agent} {Deep} {Reinforcement} {Learning} {Algorithms}},
    author={Georgios Papoudakis and Filippos Christianos and \textbf{Lukas Schäfer} and Stefano V. Albrecht},
    year={2020},
    eprint={2006.07869},
    archivePrefix={arXiv},
    primaryClass={cs.LG}
}
