@book{albrecht2024multi,
  title={Multi-Agent Reinforcement Learning: Foundations and Modern Approaches},
  author={Albrecht, Stefano V. and Christianos, Filippos and \textbf{Lukas Sch{\"a}fer} (equal contributions)},
  year={2024},
  publisher={To be published with \textbf{MIT press}}
}
