@inproceedings{schaefer2023emax,
  title={Ensemble Value Functions for Efficient Exploration in Multi-Agent Reinforcement Learning},
  author={\textbf{Lukas Sch{\"a}fer} and Oliver Slumbers and Stephen McAleer and Yali Du and Stefano V. Albrecht and David Mguni},
  booktitle={Adaptive and Learning Agents Workshop at \textbf{AAMAS}},
  year={2023}
}

@inproceedings{andres2023using,
  title={Using Offline Data to Speed-up Reinforcement Learning in Procedurally Generated Environments},
  author={Andres, Alain and \textbf{Sch{\"a}fer, Lukas} and Villar-Rodriguez, Esther and Albrecht, Stefano V and Del Ser, Javier},
  booktitle={Adaptive and Learning Agents Workshop at \textbf{AAMAS}},
  year={2023}
}

@inproceedings{mcinroe2022learning,
  title={Learning representations for control with hierarchical forward models},
  author={McInroe, Trevor and \textbf{Sch{\"a}fer, Lukas} and Albrecht, Stefano V.},
  booktitle={Deep Reinforcement Learning Workshop at \textbf{NeurIPS}},
  year={2022}
}
