@mastersthesis{schaefer:thesis:18,
    author = "Lukas Sch\"afer",
    title = "Domain-Dependent Policy Learning using Neural Networks in Classical Planning",
    school = "Foundations of Artificial Intelligence (FAI) Group, Saarland University",
    type = "Bachelor's Thesis",
    month = July,
    year = "2018"
}
